<?xml version="1.0" encoding="UTF-8"?><record xmlns="http://www.loc.gov/MARC21/slim" xmlns:cinclude="http://apache.org/cocoon/include/1.0" xmlns:zs="http://www.loc.gov/zing/srw/">
  <leader>01625nz  a2200277n  4500</leader>
  <controlfield tag="001">no2012095816</controlfield>
  <controlfield tag="003">DLC</controlfield>
  <controlfield tag="005">20120719101751.0</controlfield>
  <controlfield tag="008">120717n| acannaabn          |b ana     c</controlfield>
  <datafield tag="010" ind1=" " ind2=" ">
    <subfield code="a">no2012095816</subfield>
  </datafield>
  <datafield tag="035" ind1=" " ind2=" ">
    <subfield code="a">(OCoLC)oca09249921</subfield>
  </datafield>
  <datafield tag="040" ind1=" " ind2=" ">
    <subfield code="a">OrPlMLA</subfield>
    <subfield code="b">eng</subfield>
    <subfield code="c">OrPlMLA</subfield>
  </datafield>
  <datafield tag="110" ind1="2" ind2=" ">
    <subfield code="a">Jiangsu Sheng guang bo dian shi zong tai</subfield>
  </datafield>
  <datafield tag="410" ind1="2" ind2=" ">
    <subfield code="a">江苏省广播电视总台</subfield>
  </datafield>
  <datafield tag="410" ind1="2" ind2=" ">
    <subfield code="a">江蘇省廣播電視總台</subfield>
  </datafield>
  <datafield tag="410" ind1="2" ind2=" ">
    <subfield code="a">江苏省广播电视总台(集团)</subfield>
  </datafield>
  <datafield tag="410" ind1="2" ind2=" ">
    <subfield code="a">Jiangsu Sheng guang bo dian shi zong tai (ji tuan)</subfield>
  </datafield>
  <datafield tag="410" ind1="2" ind2=" ">
    <subfield code="a">江苏广电总台(集团)</subfield>
  </datafield>
  <datafield tag="410" ind1="2" ind2=" ">
    <subfield code="a">Jiangsu guang dian zong tai (ji tuan)</subfield>
  </datafield>
  <datafield tag="410" ind1="2" ind2=" ">
    <subfield code="a">江苏省广播电视(集团)总台</subfield>
  </datafield>
  <datafield tag="410" ind1="2" ind2=" ">
    <subfield code="a">Jiangsu Sheng guang bo dian shi (ji tuan) zong tai</subfield>
  </datafield>
  <datafield tag="667" ind1=" " ind2=" ">
    <subfield code="a">Non-Latin script references not evaluated.</subfield>
  </datafield>
  <datafield tag="670" ind1=" " ind2=" ">
    <subfield code="a">Hong niang zi, 2011:</subfield>
    <subfield code="b">credits (江苏省广播电视总台 = Jiangsu Sheng guang bo dian shi zong tai)</subfield>
  </datafield>
  <datafield tag="670" ind1=" " ind2=" ">
    <subfield code="a">JSBC WWW home page, July 17, 2012</subfield>
    <subfield code="b">(江苏省广播电视总台(集团) = Jiangsu Sheng guang bo dian shi zong tai (ji tuan); est. June 2001; 江苏广电总台(集团) = Jiangsu guang dian zong tai (ji tuan))</subfield>
  </datafield>
  <datafield tag="670" ind1=" " ind2=" ">
    <subfield code="a">OCLC, July 17, 2012</subfield>
    <subfield code="b">(hdg.: 江苏省广播电视总台 = 江蘇省廣播電視總台 = Jiangsu Sheng guang bo dian shi zong tai, 江苏省广播电视(集团)总台 = Jiangsu Sheng guang bo dian shi (ji tuan) zong tai, 江苏省广播电视总台(集团) = Jiangsu Sheng guang bo dian shi zong tai (ji tuan))</subfield>
  </datafield>
  <datafield tag="670" ind1=" " ind2=" ">
    <subfield code="a">Bai du bai ke WWW home page, July 17, 2012</subfield>
    <subfield code="b">(union of Jiangsu ren min guang bo dian tai, Jiangsu dian shi tai, Jiangsu you xian dian shi tai, etc.)</subfield>
  </datafield>
</record>